<record><leader>00000cas a22000007a 4500</leader><controlfield tag="001">13711672</controlfield><controlfield tag="008">860610d18251829vauwr ne      0    0eng  </controlfield><controlfield tag="009">466</controlfield><datafield ind1=" " ind2=" " tag="010"><subfield code="a">sn 86071588 </subfield></datafield><datafield ind1=" " ind2=" " tag="040"><subfield code="a">DLC</subfield><subfield code="b">eng</subfield><subfield code="c">DLC</subfield><subfield code="d">WVC</subfield><subfield code="d">DLC</subfield><subfield code="d">NVK</subfield><subfield code="d">VA@</subfield><subfield code="d">DLC</subfield><subfield code="d">OCLCF</subfield></datafield><datafield ind1=" " ind2=" " tag="042"><subfield code="a">msc</subfield></datafield><datafield ind1=" " ind2=" " tag="043"><subfield code="a">n-us-va</subfield></datafield><datafield ind1="0" ind2="0" tag="050"><subfield code="a">Newspaper</subfield></datafield><datafield ind1="0" ind2=" " tag="130"><subfield code="a">Mirror (Fincastle, Va.)</subfield></datafield><datafield ind1="1" ind2="4" tag="245"><subfield code="a">The Mirror.</subfield></datafield><datafield ind1=" " ind2=" " tag="260"><subfield code="a">Fincastle, Va. :</subfield><subfield code="b">E.W. Robinson</subfield></datafield><datafield ind1=" " ind2=" " tag="300"><subfield code="a">v. ;</subfield><subfield code="c">47 cm.</subfield></datafield><datafield ind1=" " ind2=" " tag="310"><subfield code="a">Weekly</subfield></datafield><datafield ind1="1" ind2=" " tag="362"><subfield code="a">Began in 1825; ceased in Oct. 1829.</subfield><subfield code="z">Cf. Editor's column and prospectus for Virginia Patriot, Dec. 26, 1829.</subfield></datafield><datafield ind1=" " ind2=" " tag="588"><subfield code="a">Description based on: Vol. 6, no. 36 (Apr. 28, 1826).</subfield></datafield><datafield ind1=" " ind2="0" tag="651"><subfield code="a">Fincastle (Va.)</subfield><subfield code="v">Newspapers.</subfield></datafield><datafield ind1=" " ind2="7" tag="655"><subfield code="a">Newspapers.</subfield><subfield code="2">fast</subfield><subfield code="0">(OCoLC)fst01423814</subfield></datafield><datafield ind1=" " ind2="7" tag="651"><subfield code="a">Virginia</subfield><subfield code="z">Fincastle.</subfield><subfield code="2">fast</subfield><subfield code="0">(OCoLC)fst01248271</subfield></datafield><datafield ind1=" " ind2=" " tag="752"><subfield code="a">United States</subfield><subfield code="b">Virginia</subfield><subfield code="c">Botetourt</subfield><subfield code="d">Fincastle.</subfield></datafield><datafield ind1="0" ind2="0" tag="780"><subfield code="t">Fincastle mirror</subfield><subfield code="w">(DLC)sn 86071587</subfield><subfield code="w">(OCoLC)13711637</subfield></datafield><datafield ind1="0" ind2="0" tag="785"><subfield code="t">Virginia patriot (Fincastle, Va.)</subfield><subfield code="w">(DLC)sn 86071589</subfield><subfield code="w">(OCoLC)13711708</subfield></datafield></record>